@Book{patrones,
ALTauthor = {Erich Gamma, Richard Helm, Ralph Johnson, John Vlissides},
ALTeditor = {Addison-Wesley},
title = {Design Patterns: Elements of Reusable Object-Oriented Software},
year = {1995},
}

@Book{watanabe,
ALTauthor = {S. Watanabe},
title = {Pattern Recognition: Human and Mechanical-Wiley},
year = {1985},
}

@Book{batchelor,
ALTauthor = {Batchelor B. G.},
ALTeditor = {Plenum-Press},
title = {Pattern recognition: ideas in practice},
year = {1978},
}

@Book{nadler,
ALTauthor = {Nadler, M. & Smith, E. P.},
ALTeditor = {Wiley},
title = {Pattern recognition engineering},
year = {1993},
}

@Book{michalski,
ALTauthor = {Michalski, R. S., Stepp, R. E., & Diday, E.},
ALTeditor = {North-Holland},
title = {A recent advance in data analysis: clustering objects into classes characterized by conjunctive concepts},
year = {1981},
pages = {33--56},
}

@inproceedings{biberman,
 author = {Biberman, Yoram},
 title = {A context similarity measure},
 booktitle = {ECML-94: Proceedings of the European conference on machine learning on Machine Learning},
 year = {1994},
 isbn = {3-540-57868-4},
 pages = {49--63},
 location = {Catania, Italy},
 publisher = {Springer-Verlag New York, Inc.},
 address = {Secaucus, NJ, USA},
}


@PhdThesis{tesisVazquez,
author = {Fernando Daniel Vázquez Mesa},
title = {Algoritmos de Aprendizaje Continuo Mediante Selección de Prototipos para Clasificadores Basados en Distancias},
school = {Universidad Jaume I},
year = {2008},
}

@phdthesis{ib3,
  author = {Aha, David William},
  note = {Chair-Kibler, Dennis F.},
  title = {A study of instance-based algorithms for supervised learning tasks: mathematical, empirical, and psychological evaluations},
  year = {1990},
  publisher = {University of California, Irvine},
}

@TechReport{inade,
author = {Olvera López J. Arturo, Carrasco Ochoa J. Ariel, Martínez Trinidad J. Francisco},
title = {Edición de muestras basada en búsqueda secuencial},
institution = {Coordinación de Ciencias Computacionales, INAOE},
year = {2005},
OPTnumber = {CCC-05-002},
}

@Article{democratic_instance_selection,
author = {C. García-Osorio et al.},
title = {Democratic Instance Selection: A linear complexity instance selection algorithm based on classifier ensemble concepts},
journal = {Artificial Intelligence},
year = {2010},
}

@article{tversky,
author = {A. Tversky},
title = {Features of similarity},
journal = {Psychological Review},
volume = {84},
pages = {327--352},
year = {1977} 
}

@article{salzberg,
 author = {Steven Salzberg},
 title = {A Nearest Hyperrectangle Learning Method},
 journal = {Machine Learning},
 volume = {6},
 year = {1991},
 pages = {251-276},
}

@article{stanfill,
 author = {Craig Stanfill and David L. Waltz},
 title = {Toward Memory-Based Reasoning},
 journal = {Commun. ACM},
 volume = {29},
 number = {12},
 year = {1986},
 pages = {1213-1228},
}

@Article{condensed_nearest_neighbor,
author = {Hart},
title = {The Condensed Nearest Neighbor Rule},
journal = {IEEE Transactions on Information Theory},
year = {1968},
}

@Article{wilson,
author = {Wilson},
title = {Asymptotic properties of nearest neighbour rules using edited data},
journal = {IEEE Transactions on Systems},
year = {1972},
}

@Article{rnn,
author = {Gates, G.W.},
title = {The reduced nearest neighbour rule},
journal = {IEEE Transactions on Information Theory IT-18},
year = {1972},
}

@Article{ss,
author = {Ritter, G.L., Woodruff, H.B., Lowry, S.R. and Isenhur, T.L.},
title = {An algorithm for selective nearest neighbour decision rule},
journal = {IEEE Transactions on Information Theory},
pages = {665--669},
year = {1975},
}

@Article{mss,
 author	= {Ricardo Barandela and Francesc J. Ferri and J. Salvador Sánchez},
 title = {Decision boundary preserving prototype selection for nearest neighbor classification},
 journal = {International Journal of Pattern Recognition and Artificial Intelligence},
 number	= {6},
 pages = {787--806},
 volume	= {19},
 year = {2005},
}

@Article{drop,
 author = {D. Randall Wilson and Tony R. Martinez},
 title = {Reduction Techniques for Instance-Based Learning Algorithms},
 booktitle = {Machine Learning},
 year = {2000},
 pages = {257--286},
}

@Article{icf,
 author = {Henry Brighton and Chris Mellish},
 title = {Advances In Instance Selection for Instance-Based Learning Algorithms},
 journal = {Data Mining and Knowledge Discovery},
 year = {2002},
 volume = {6},
 pages = {153--172},
}

@Article{grand_tour,
 author = {Asimov, Daniel},
 title = {The grand tour: A tool for viewing multidimensional data},
 journal = {SIAM J. Sci. Stat. Comput.},
 volume = {6},
 number = {1},
 year = {1985},
 issn = {0196-5204},
 pages = {128--143},
 publisher = {Society for Industrial and Applied Mathematics},
 address = {Philadelphia, PA, USA},
}

@article{ibk,
  author = {David W. Aha and Dennis F. Kibler and Marc K. Albert},
  title = {Instance-Based Learning Algorithms},
  journal = {Machine Learning},
  volume = {6},
  year = {1991},
  pages = {37-66},
}

@article{tables_in_latex,
  author = {Lapo Filippo Mori},
  title = {Tables in LaTeX2: Packages and Methods},
  journal = {The Prac\TeX{} Journal},
  volume = {1},
  year = {2007},
}

@inproceedings{chc,
  author    = {Larry J. Eshelman},
  title     = {The CHC Adaptive Search Algorithm: How to Have Safe Search When Engaging in Nontraditional Genetic Recombination},
  booktitle = {FOGA},
  year      = {1990},
  pages     = {265-283},
}

@Book{flexibilidad_con_scrum,
ALTauthor = {Juan Palacio},
title = {Flexibilidad con Scrum},
year = {2007},
}
